<?xml version="1.0" encoding="UTF-8"?><collection xmlns="http://www.loc.gov/MARC21/slim"><record><leader>00426nam--2200145-i-4500</leader><controlfield tag="001">000028517</controlfield><controlfield tag="002">20161230</controlfield><controlfield tag="005">20161230201037</controlfield><controlfield tag="008">060222s1000------------r-----000-0-eng-d</controlfield><datafield ind1=" " ind2=" " tag="080"><subfield code="a">538.9:537.222.22:621.315.59(061.3)</subfield></datafield><datafield ind1=" " ind2=" " tag="245"><subfield code="a">Physics of saemiconducting compounds</subfield></datafield><datafield ind1=" " ind2=" " tag="260"><subfield code="a">Warszawa, Polish Academy Of Sciences, 1980, 307p</subfield></datafield><datafield ind1=" " ind2=" " tag="490"><subfield code="a">Proceedings Of Conferences In Physics</subfield></datafield><datafield ind1=" " ind2=" " tag="700"><subfield code="a">Langer, Jerzy M</subfield></datafield><datafield ind1=" " ind2=" " tag="852"><subfield code="a">49865</subfield></datafield></record></collection>